@article{HinzEtAl2024,
  title = {Writing is hard sometimes},
  author = {Hinz, A and Kunz, B},
  date = {2024},
  journaltitle = {Journal of hard truths},
  volume = {1},
  number = {1},
  pages = {1--99},
  langid = {english}
}

